@article{cheddad2010digital,
  title={Digital image steganography: Survey and analysis of current methods},
  author={Cheddad, Abbas and Condell, Joan and Curran, Kevin and Mc Kevitt, Paul},
  journal={Signal processing},
  volume={90},
  number={3},
  pages={727--752},
  year={2010},
  publisher={Elsevier}
}

@incollection{aggarwal2019image,
  title={Image steganography using LSB algorithm},
  author={Aggarwal, Avni and Sangal, Arpit and Varshney, Aditya},
  booktitle={International Journal of Information Sciences and Application (IJISA)},
  volume={11},
  number={1},
  year={2019},
  publisher={International Research Publication House}
}



@article{bohme2010principles,
  title={Principles of modern steganography and steganalysis},
  author={B{\"o}hme, Rainer and B{\"o}hme, Rainer},
  journal={Advanced Statistical Steganalysis},
  pages={11--77},
  year={2010},
  publisher={Springer}
}

@inproceedings{neeta2006implementation,
  title={Implementation of LSB steganography and its evaluation for various bits},
  author={Neeta, Deshpande and Snehal, Kamalapur and Jacobs, Daisy},
  booktitle={2006 1st international conference on digital information management},
  pages={173--178},
  year={2006},
  organization={IEEE}
}

@article{fridrich2001detecting,
  title={Detecting LSB steganography in color, and gray-scale images},
  author={Fridrich, Jessica and Goljan, Miroslav and Du, Rui},
  journal={IEEE multimedia},
  volume={8},
  number={4},
  pages={22--28},
  year={2001},
  publisher={IEEE}
}

@article{meng2018fusion,
  title={A Fusion Steganographic Algorithm Based on Faster R-CNN.},
  author={Meng, Ruohan and Rice, Steven G and Wang, Jin and Sun, Xingming},
  journal={Computers, Materials \& Continua},
  volume={55},
  number={1},
  year={2018}
}

@article{meng2018survey,
  title={A Survey of Image Information Hiding Algorithms Based on Deep Learning.},
  author={Meng, Ruohan and Cui, Qi and Yuan, Chengsheng},
  journal={CMES-Computer Modeling In Engineering \& Sciences},
  volume={117},
  number={3},
  year={2018}
}

@inproceedings{reddy2012secure,
  title={Secure steganography using hybrid domain technique},
  author={Reddy, HS Manjunatha and Sathisha, N and Kumari, Annu and Raja, KB},
  booktitle={2012 Third International Conference on Computing, Communication and Networking Technologies (ICCCNT'12)},
  pages={1--11},
  year={2012},
  organization={IEEE}
}


@inproceedings{qian2015deep,
  title={Deep learning for steganalysis via convolutional neural networks},
  author={Qian, Yinlong and Dong, Jing and Wang, Wei and Tan, Tieniu},
  booktitle={Media Watermarking, Security, and Forensics 2015},
  volume={9409},
  pages={171--180},
  year={2015},
  organization={SPIE}
}

@book{cox2007digital,
  title={Digital watermarking and steganography},
  author={Cox, Ingemar and Miller, Matthew and Bloom, Jeffrey and Fridrich, Jessica and Kalker, Ton},
  year={2007},
  publisher={Morgan kaufmann}
}